@article{b1,
  author    = {J. Doe and J.F. Stevens and B. Smith},
  title     = {Title of their journal paper},
  journal   = {Journal Title},
  volume    = {17},
  number    = {1},
  pages     = {123--133},
  year      = {2005},
  month     = feb
}

@inproceedings{b2,
  author    = {N. Surname and N. Surname},
  title     = {Title of their conference paper},
  booktitle = {IEEE 1997 Conference Name},
  year      = {2017},
  pages     = {122--129},
}

@book{b3,
  author    = {A.C. Doyle},
  title     = {Title of book},
  publisher = {Publisherâ€™s Name},
  year      = {2020},
  address   = {City}
}